<?xml version="1.0" encoding="UTF-8"?><collection xmlns="http://www.loc.gov/MARC21/slim"><record><leader>00389nam--2200121-i-4500</leader><controlfield tag="001">000040757</controlfield><controlfield tag="002">20161230</controlfield><controlfield tag="005">20161230201042</controlfield><controlfield tag="008">060222s1000------------r-----000-0-eng-d</controlfield><datafield ind1=" " ind2=" " tag="100"><subfield code="a">Schumann,Hermann</subfield></datafield><datafield ind1=" " ind2=" " tag="245"><subfield code="a">Metallographie. 5,verbesserte auflage. mit 1033 bildern, 76 tabellen und 4 farbtefeln</subfield></datafield><datafield ind1=" " ind2=" " tag="260"><subfield code="a">Leipzig, Veb Deutscher Verlag Fur Grundstoffindustrie, 1964. 620 P</subfield></datafield><datafield ind1=" " ind2=" " tag="852"><subfield code="a">21842</subfield></datafield></record></collection>